<record><leader>00000cas a22000007a 4500</leader><controlfield tag="001">26347147</controlfield><controlfield tag="008">920807d19001901nyuwr ne      0    0eng d</controlfield><datafield ind1=" " ind2=" " tag="010"><subfield code="a">sn 92062040 </subfield></datafield><datafield ind1=" " ind2=" " tag="040"><subfield code="a">NYS</subfield><subfield code="b">eng</subfield><subfield code="c">NYS</subfield><subfield code="d">OCLCQ</subfield></datafield><datafield ind1=" " ind2=" " tag="042"><subfield code="a">msc</subfield></datafield><datafield ind1="0" ind2=" " tag="130"><subfield code="a">Ashford gazette (West Valley, N.Y.)</subfield></datafield><datafield ind1="1" ind2="0" tag="245"><subfield code="a">Ashford gazette.</subfield></datafield><datafield ind1=" " ind2=" " tag="260"><subfield code="a">West Valley, Cattaraugus Co., N.Y. :</subfield><subfield code="b">James B. Fish</subfield></datafield><datafield ind1=" " ind2=" " tag="300"><subfield code="a">v.</subfield></datafield><datafield ind1=" " ind2=" " tag="310"><subfield code="a">Weekly</subfield></datafield><datafield ind1="1" ind2=" " tag="362"><subfield code="a">Began with Jan. 5, 1900 issue?</subfield></datafield><datafield ind1="0" ind2=" " tag="362"><subfield code="a">-v. 2, no. 40 (Oct. 4, 1901).</subfield></datafield><datafield ind1=" " ind2=" " tag="588"><subfield code="a">Description based on: Vol. 1, no. 2 (Jan. 12, 1900).</subfield></datafield><datafield ind1=" " ind2="4" tag="651"><subfield code="a">West Valley (N.Y.)</subfield><subfield code="v">Newspapers.</subfield></datafield><datafield ind1=" " ind2="4" tag="651"><subfield code="a">Cattaraugus County (N.Y.)</subfield><subfield code="v">Newspapers.</subfield></datafield><datafield ind1=" " ind2=" " tag="752"><subfield code="a">United States</subfield><subfield code="b">New York</subfield><subfield code="c">Cattaraugus</subfield><subfield code="d">West Valley.</subfield></datafield><datafield ind1="0" ind2="0" tag="785"><subfield code="t">Gazette (East Otto, N.Y.)</subfield><subfield code="w">(DLC)sn 92062041</subfield><subfield code="w">(OCoLC)26347038</subfield></datafield></record>